<?xml version="1.0" encoding="UTF-8"?><record xmlns="http://www.loc.gov/MARC21/slim" xmlns:cinclude="http://apache.org/cocoon/include/1.0" xmlns:zs="http://www.loc.gov/zing/srw/">
  <leader>00675cz  a2200193n  4500</leader>
  <controlfield tag="001">no2008055127</controlfield>
  <controlfield tag="003">DLC</controlfield>
  <controlfield tag="005">20160820075241.0</controlfield>
  <controlfield tag="008">080410n| azannaabn          |b aaa     c</controlfield>
  <datafield tag="010" ind1=" " ind2=" ">
    <subfield code="a">no2008055127</subfield>
  </datafield>
  <datafield tag="035" ind1=" " ind2=" ">
    <subfield code="a">(OCoLC)oca07731604</subfield>
  </datafield>
  <datafield tag="040" ind1=" " ind2=" ">
    <subfield code="a">OCoLC-P</subfield>
    <subfield code="b">eng</subfield>
    <subfield code="c">OCoLC-P</subfield>
    <subfield code="d">OCoLC</subfield>
    <subfield code="e">rda</subfield>
    <subfield code="d">InU</subfield>
  </datafield>
  <datafield tag="046" ind1=" " ind2=" ">
    <subfield code="f">1979</subfield>
    <subfield code="2">edtf</subfield>
  </datafield>
  <datafield tag="100" ind1="1" ind2=" ">
    <subfield code="a">Tamura, Hiroshi,</subfield>
    <subfield code="d">1979-</subfield>
  </datafield>
  <datafield tag="400" ind1="1" ind2=" ">
    <subfield code="a">田村裕,</subfield>
    <subfield code="d">1979-</subfield>
  </datafield>
  <datafield tag="667" ind1=" " ind2=" ">
    <subfield code="a">Machine-derived non-Latin script reference project.</subfield>
  </datafield>
  <datafield tag="667" ind1=" " ind2=" ">
    <subfield code="a">Non-Latin script reference not evaluated.</subfield>
  </datafield>
  <datafield tag="670" ind1=" " ind2=" ">
    <subfield code="a">Hōmuresu chūgakusei, 2007:</subfield>
    <subfield code="b">t.p. (Tamura Hiroshi)</subfield>
  </datafield>
  <datafield tag="670" ind1=" " ind2=" ">
    <subfield code="a">Tokyo Metropolitan Library name authority file, April 10, 2008</subfield>
    <subfield code="b">(Tamura, Hiroshi; r; b. 1979)</subfield>
  </datafield>
</record>